#packet formats
@INPROCEEDINGS{wangzhi, 
author={M. Liu and C. Jia and L. Liu and Z. Wang}, 
booktitle={2013 Fourth International Conference on Emerging Intelligent Data and Web Technologies}, 
title={Extracting Sent Message Formats from Executables Using Backward Slicing}, 
year={2013}, 
}

@inproceedings{Polyglot,
 author = {Caballero, Juan and Yin, Heng and Liang, Zhenkai and Song, Dawn},
 title = {Polyglot: Automatic Extraction of Protocol Message Format Using Dynamic Binary Analysis},
 booktitle = {Proceedings of the 14th ACM Conference on Computer and Communications Security},
 series = {CCS '07},
 year = {2007},
} 


@inproceedings{Dispatcher,
 author = {Caballero, Juan and Poosankam, Pongsin and Kreibich, Christian and Song, Dawn},
 title = {Dispatcher: Enabling Active Botnet Infiltration Using Automatic Protocol Reverse-engineering},
 booktitle = {Proceedings of the 16th ACM Conference on Computer and Communications Security},
 series = {CCS '09},
 year = {2009},
} 



@inproceedings{Discoverer,
 author = {Cui, Weidong and Kannan, Jayanthkumar and Wang, Helen J.},
 title = {Discoverer: Automatic Protocol Reverse Engineering from Network Traces},
 booktitle = {Proceedings of 16th USENIX Security Symposium on USENIX Security Symposium},
 series = {SS'07},
 year = {2007},
} 

@inproceedings{Tupni,
 author = {Cui, Weidong and Peinado, Marcus and Chen, Karl and Wang, Helen J. and Irun-Briz, Luis},
 title = {Tupni: Automatic Reverse Engineering of Input Formats},
 booktitle = {Proceedings of the 15th ACM Conference on Computer and Communications Security},
 series = {CCS '08},
 year = {2008},
} 

@inproceedings{botnet-inference,
 author = {Cho, Chia Yuan and Babi \'{c}, Domagoj and Shin, Eui Chul Richard and Song, Dawn},
 title = {Inference and Analysis of Formal Models of Botnet Command and Control Protocols},
 booktitle = {Proceedings of the 17th ACM Conference on Computer and Communications Security},
 series = {CCS '10},
 year = {2010},
} 


@inproceedings{MACE,
 author = {Cho, Chia Yuan and Babi\'{c}, Domagoj and Poosankam, Pongsin and Chen, Kevin Zhijie and Wu, Edward XueJun and Song, Dawn},
 title = {MACE: Model-inference-assisted Concolic Exploration for Protocol and Vulnerability Discovery},
 booktitle = {Proceedings of the 20th USENIX Conference on Security},
 series = {SEC'11},
 year = {2011},
} 

@INPROCEEDINGS{AutoFormat,
    author = {Zhiqiang Lin and Xuxian Jiang and Dongyan Xu and Xiangyu Zhang},
    title = {Automatic Protocol Format Reverse Engineering through Context-Aware Monitored Execution},
    booktitle = {Proceedings of the 15th Annual Network and Distributed System Security Symposium (NDSS’08)},
    year = {2008},
}

@INPROCEEDINGS{ucsb-packet,
    author = {Gilbert Wondracek and Paolo Milani Comparetti and Christopher Kruegel and Engin Kirda},
    title = {Automatic Network Protocol Analysis},
    booktitle = {Proceedings of the 15th Annual Network and Distributed System Security Symposium (NDSS’08)},
    year = {2008}
}


@inproceedings{Prospex,
 author = {Comparetti, Paolo Milani and Wondracek, Gilbert and Kruegel, Christopher and Kirda, Engin},
 title = {Prospex: Protocol Specification Extraction},
 booktitle = {Proceedings of the 2009 30th IEEE Symposium on Security and Privacy},
 series = {SP '09},
 year = {2009},
} 

@INPROCEEDINGS{Junghee, 
 author={J. Lim and T. Reps and B. Liblit}, 
 booktitle={2006 13th Working Conference on Reverse Engineering}, 
 title={Extracting Output Formats from Executables}, 
 year={2006}, 
}

@phdthesis{Junghee2,
    title    = {Transformer Specification Language: A System for Generating Analyzers and Its Applications},
    school   = {WISCONSIN UNIV MADISON},
    author   = {Lim, Junghee},
    year     = {2011},
}

@INPROCEEDINGS{Junghee3,
 author={Lim, Junghee and Reps, Thomas},
 title={A System for Generating Static Analyzers for Machine Instructions},
 booktitle={Compiler Construction: 17th International Conference, CC 2008, Held as Part of the Joint European Conferences on Theory and Practice of Software, ETAPS 2008, Budapest, Hungary, March 29 - April 6, 2008. Proceedings},
 year={2008},
}

#taint analysis

@inproceedings{taint1,
 author = {Chow, Jim and Pfaff, Ben and Garfinkel, Tal and Christopher, Kevin and Rosenblum, Mendel},
 title = {Understanding Data Lifetime via Whole System Simulation},
 booktitle = {Proceedings of the 13th Conference on USENIX Security Symposium - Volume 13},
 series = {SSYM'04},
 year = {2004},
} 

@inproceedings{taint-sosp,
 author = {Costa, Manuel and Crowcroft, Jon and Castro, Miguel and Rowstron, Antony and Zhou, Lidong and Zhang, Lintao and Barham, Paul},
 title = {Vigilante: End-to-end Containment of Internet Worms},
 booktitle = {Proceedings of the Twentieth ACM Symposium on Operating Systems Principles},
 series = {SOSP '05},
 year = {2005},
} 

@inproceedings{taint-micro,
 author = {Crandall, Jedidiah R. and Chong, Frederic T.},
 title = {Minos: Control Data Attack Prevention Orthogonal to Memory Model},
 booktitle = {Proceedings of the 37th Annual IEEE/ACM International Symposium on Microarchitecture},
 series = {MICRO 37},
 year = {2004},
} 


@INPROCEEDINGS{dawn-taint,
    author = {James Newsome and David Brumley and Dawn Song},
    title = {Vulnerability-Specific Execution Filtering for Exploit Prevention on Commodity Software},
    booktitle = {In Proceedings of the 13 th Symposium on Network and Distributed System Security (NDSS},
    year = {2005}
}

#

@article{HFSM1,
 author = {Alur, Rajeev and Benedikt, Michael and Etessami, Kousha and Godefroid, Patrice and Reps, Thomas and Yannakakis, Mihalis},
 title = {Analysis of Recursive State Machines},
 journal = {ACM Trans. Program. Lang. Syst.},
 year = {2005},
} 

@article{HFSM2,
 author = {Alur, Rajeev and Yannakakis, Mihalis},
 title = {Model Checking of Hierarchical State Machines},
 journal = {ACM Trans. Program. Lang. Syst.},
 year = {2001},
} 


@inproceedings{L1,
 author = {Ibarra, Oscar H. and Jiang, Tao},
 title = {Learning Regular Languages from Counterexamples},
 booktitle = {Proceedings of the First Annual Workshop on Computational Learning Theory},
 year = {1988},
} 

@inproceedings{L2,
 author = {Shahbaz, Muzammil and Groz, Roland},
 title = {Inferring Mealy Machines},
 booktitle = {Proceedings of the 2Nd World Congress on Formal Methods},
 series = {FM '09},
 year = {2009},
} 


@article{dart,
 author = {Godefroid, Patrice and Klarlund, Nils and Sen, Koushik},
 title = {DART: Directed Automated Random Testing},
 journal = {SIGPLAN Not.},
 year = {2005},
} 

@inproceedings{cute,
 author = {Sen, Koushik and Marinov, Darko and Agha, Gul},
 title = {CUTE: A Concolic Unit Testing Engine for C},
 booktitle = {Proceedings of the 10th European Software Engineering Conference Held Jointly with 13th ACM SIGSOFT International Symposium on Foundations of Software Engineering},
 series = {ESEC/FSE-13},
 year = {2005},
} 


#mutation testing
@misc{mtest,
  title = "Mutation testing",
  author = "{Wikipedia}",
  howpublished="https://en.wikipedia.org/wiki/Mutation\_testing"
}

@article{mtest2,
 author = {DeMillo, R. A. and Lipton, R. J. and Sayward, F. G.},
 title = {Hints on Test Data Selection: Help for the Practicing Programmer},
 journal = {Computer},
 issue_date = {April 1978},
 volume = {11},
 number = {4},
 month = apr,
 year = {1978},
 issn = {0018-9162},
 pages = {34--41},
 numpages = {8},
 acmid = {1301357},
 publisher = {IEEE Computer Society Press},
 address = {Los Alamitos, CA, USA},
} 


@INPROCEEDINGS{mutateFSM, 
  author={S. C. Pinto Ferraz Fabbri and M. E. Delamaro and J. C. Maldonado and P. C. Masiero}, 
  booktitle={Proceedings of 1994 IEEE International Symposium on Software Reliability Engineering}, 
  title={Mutation analysis testing for finite state machines}, 
  year={1994}, 
  pages={220-229}, 
  month={Nov}
}

@INPROCEEDINGS{mutatePFSM, 
  author={R. M. Hierons and M. G. Merayo}, 
  booktitle={Testing: Academic and Industrial Conference Practice and Research Techniques - MUTATION (TAICPART-MUTATION 2007)}, 
  title={Mutation Testing from Probabilistic Finite State Machines}, 
  year={2007},  
  pages={141-150},  
  month={Sept},
}

@inproceedings{milos2017,
  author = {Gligoric, Milos and Khurshid, Sarfraz and Misailovic, Sasa and Shi, August},
  title = {Mutation Testing Meets Approximate Computing},
  booktitle = {International Conference on Software Engineering, NIER},
  pages = {3--6},
  year = {2017},
}

@inproceedings{lingming2016,
 author = {Zhang, Jie and Wang, Ziyi and Zhang, Lingming and Hao, Dan and Zang, Lei and Cheng, Shiyang and Zhang, Lu},
 title = {Predictive Mutation Testing},
 booktitle = {Proceedings of the 25th International Symposium on Software Testing and Analysis},
 series = {ISSTA 2016},
 year = {2016},
 isbn = {978-1-4503-4390-9},
 location = {Saarbr\&\#252;cken, Germany},
 pages = {342--353},
 numpages = {12},
 acmid = {2931038},
 publisher = {ACM},
 address = {New York, NY, USA},
 keywords = {machine learning, mutation testing, software testing},
} 

@inproceedings{mdroid,
 author = {Linares-V\'{a}squez, Mario and Bavota, Gabriele and Tufano, Michele and Moran, Kevin and Di Penta, Massimiliano and Vendome, Christopher and Bernal-C\'{a}rdenas, Carlos and Poshyvanyk, Denys},
 title = {Enabling Mutation Testing for Android Apps},
 booktitle = {Proceedings of the 2017 11th Joint Meeting on Foundations of Software Engineering},
 series = {ESEC/FSE 2017},
 year = {2017},
 isbn = {978-1-4503-5105-8},
 location = {Paderborn, Germany},
 pages = {233--244},
 numpages = {12},
 acmid = {3106275},
 publisher = {ACM},
 address = {New York, NY, USA},
 keywords = {Android, Fault taxonomy, Mutation testing, Operators},
} 

@inproceedings{uDroid,
 author = {Jabbarvand, Reyhaneh and Malek, Sam},
 title = {uDroid: An Energy-aware Mutation Testing Framework for Android},
 booktitle = {Proceedings of the 2017 11th Joint Meeting on Foundations of Software Engineering},
 series = {ESEC/FSE 2017},
 year = {2017},
 isbn = {978-1-4503-5105-8},
 location = {Paderborn, Germany},
 pages = {208--219},
 numpages = {12},
 acmid = {3106244},
 publisher = {ACM},
 address = {New York, NY, USA},
 keywords = {Android, Energy Testing, Mutation Testing, Software Testing},
} 

@inproceedings{Javalanche,
 author = {Schuler, David and Zeller, Andreas},
 title = {Javalanche: Efficient Mutation Testing for Java},
 booktitle = {Proceedings of the the 7th Joint Meeting of the European Software Engineering Conference and the ACM SIGSOFT Symposium on The Foundations of Software Engineering},
 series = {ESEC/FSE '09},
 year = {2009},
 isbn = {978-1-60558-001-2},
 location = {Amsterdam, The Netherlands},
 pages = {297--298},
 numpages = {2},
 acmid = {1595750},
 publisher = {ACM},
 address = {New York, NY, USA},
 keywords = {mutation testing},
} 

@article{LittleDarwin,
  author    = {Ali Parsai and
               Alessandro Murgia and
               Serge Demeyer},
  title     = {LittleDarwin: a Feature-Rich and Extensible Mutation Testing Framework
               for Large and Complex Java Systems},
  journal   = {CoRR},
  volume    = {abs/1707.01123},
  year      = {2017},
  url       = {http://arxiv.org/abs/1707.01123},
  archivePrefix = {arXiv},
  eprint    = {1707.01123},
  timestamp = {Sat, 05 Aug 2017 14:56:03 +0200},
  bibsource = {dblp computer science bibliography, http://dblp.org}
}


@article{testFSM,
 author = {Chow, T. S.},
 title = {Testing Software Design Modeled by Finite-State Machines},
 journal = {IEEE Trans. Softw. Eng.},
 issue_date = {May 1978},
 volume = {4},
 number = {3},
 month = may,
 year = {1978},
 issn = {0098-5589},
 pages = {178--187},
 numpages = {10},
 acmid = {1313730},
 publisher = {IEEE Press},
 address = {Piscataway, NJ, USA},
 keywords = {Control structure, finite-state machines, reliability, software testing, test covers, validity, validity, Control structure, finite-state machines, reliability, software testing, test covers},
} 

@article{higher-order,
 author = {Jia, Yue and Harman, Mark},
 title = {Higher Order Mutation Testing},
 journal = {Inf. Softw. Technol.},
 issue_date = {October, 2009},
 volume = {51},
 number = {10},
 month = oct,
 year = {2009},
 issn = {0950-5849},
 pages = {1379--1393},
 numpages = {15},
 acmid = {1570728},
 publisher = {Butterworth-Heinemann},
 address = {Newton, MA, USA},
 keywords = {Higher order mutant, Mutation Testing, Search techniques},
} 


#openvpn

@misc{openvpn-wiki,
  title = "OpenVPN",
  author = "{Wikipedia}",
  howpublished="https://en.wikipedia.org/wiki/OpenVPN"
}

@misc{openvpn,
  title = "Your private path to access network resources and services securely",
  author = "{OpenVPN}",
  howpublished="https://openvpn.net/"
}

@misc{openvpn-github,
  title = "OpenVPN v2.4.3 release",
  author = "{GitHub}",
  howpublished="https://github.com/OpenVPN/openvpn/releases/tag/v2.4.3"
}

#protocol
@misc{tls-wiki,
  title = "Transport Layer Security",
  author = "{wikipedia}",
  howpublished = "{https://en.wikipedia.org/wiki/Transport\_Layer\_Security}"
}

@misc{LDAP,
  title = "Lightweight Directory Access Protocol (LDAP): The Protocol",
  author = "{Network Working Group}",
  howpublished = "{https://tools.ietf.org/html/rfc4511}"
}

@misc{firewall,
  title = "Firewall (computing)",
  author = "{wikipedia}",
  howpublished = "{https://en.wikipedia.org/wiki/Firewall\_(computing)}"
}

@misc{firewall-limitation,
  title = "13 ways through a firewall: What you don't know can hurt you",
  author = "{Andrew Ginter}",
  howpublished = "{https://www.isa.org/standards-publications/isa-publications/intech-magazine/2013/april/special-section-13-ways-through-firewall-what-you-dont-know-can-hurt-you/}"
}



@misc{LDAP-abuse1,
  title = "Attackers abuse exposed LDAP servers to amplify DDoS attacks",
  author = "{Lucian Constantin}",
  howpublished = "{https://www.computerworld.com/article/3135727/security/attackers-abuse-exposed-ldap-servers-to-amplify-ddos-attacks.html}",
}

@misc{LDAP-abuse2,
  title = "DDoS attacks abusing exposed LDAP servers on the rise",
  author = "{Fahmida Y. Rashid}",
  howpublished = "{https://www.infoworld.com/article/3189756/security/ddos-attacks-abusing-exposed-ldap-servers-on-the-rise.html}"
}

@misc{NTP-abuse,
  title = "Abusing Network Time Protocol (NTP) to perform massive Reflection DDoS attack",
  author = "{Wang Wei}",
  howpublished = "{https://thehackernews.com/2014/01/Network-Time-Protocol-Reflection-DDoS-Attack-Tool.html}"
}
